<?xml version="1.0" encoding="UTF-8"?><collection xmlns="http://www.loc.gov/MARC21/slim"><record><leader>00363nam--2200133-i-4500</leader><controlfield tag="001">000003886</controlfield><controlfield tag="002">20161230</controlfield><controlfield tag="005">20161230201025</controlfield><controlfield tag="008">060222s1000------------r-----000-0-eng-d</controlfield><datafield ind1=" " ind2=" " tag="100"><subfield code="a">Bursein, I.E., Manuilov, L.C.Si Cernicov, S.S</subfield></datafield><datafield ind1=" " ind2=" " tag="245"><subfield code="a">Brosarea. construirea sculei de brosat</subfield></datafield><datafield ind1=" " ind2=" " tag="260"><subfield code="a">Bucuresti, Editura De Stat, 1949</subfield></datafield><datafield ind1=" " ind2=" " tag="490"><subfield code="a">184 P</subfield></datafield><datafield ind1=" " ind2=" " tag="852"><subfield code="a">621.964.8</subfield></datafield></record></collection>